<?xml version="1.0" encoding="UTF-8"?><collection xmlns="http://www.loc.gov/MARC21/slim"><record><leader>00346nam--2200133-i-4500</leader><controlfield tag="001">000038085</controlfield><controlfield tag="002">20161230</controlfield><controlfield tag="005">20161230201041</controlfield><controlfield tag="008">060222s1000------------r-----000-0-eng-d</controlfield><datafield ind1=" " ind2=" " tag="080"><subfield code="a">615.849:616-97:621.039.85(061.3)</subfield></datafield><datafield ind1=" " ind2=" " tag="245"><subfield code="a">Nuclear medicine and biology advances</subfield></datafield><datafield ind1=" " ind2=" " tag="260"><subfield code="a">Oxford, Pergamon Press, 1983</subfield></datafield><datafield ind1=" " ind2=" " tag="700"><subfield code="a">Raynaud, C</subfield></datafield><datafield ind1=" " ind2=" " tag="852"><subfield code="a">71049</subfield></datafield></record></collection>